@misc{he2004lectures,
      title={Lectures on D-branes, Gauge Theories and Calabi-Yau Singularities}, 
      author={Yang-Hui He},
      year={2004},
      eprint={hep-th/0408142},
      archivePrefix={arXiv},
      primaryClass={hep-th}
}

@misc{douglas1996dbranes,
      title={D-branes, Quivers, and ALE Instantons}, 
      author={Michael R. Douglas and Gregory Moore},
      year={1996},
      eprint={hep-th/9603167},
      archivePrefix={arXiv},
      primaryClass={hep-th}
}

@article{johnson_1997,
  title = {Aspects of type IIB theory on asymptotically locally Euclidean spaces},
  author = {Johnson, Clifford V. and Myers, Robert C.},
  journal = {Phys. Rev. D},
  volume = {55},
  issue = {10},
  pages = {6382--6393},
  numpages = {0},
  year = {1997},
  month = {May},
  publisher = {American Physical Society},
  doi = {10.1103/PhysRevD.55.6382},
}

@article{silervstein1998,
   title={4D Conformal Field Theories and Strings on Orbifolds},
   volume={80},
   ISSN={1079-7114},
   DOI={10.1103/physrevlett.80.4855},
   number={22},
   journal={Physical Review Letters},
   publisher={American Physical Society (APS)},
   author={Kachru, Shamit and Silverstein, Eva},
   year={1998},
   month={Jun},
   pages={4855-4858} 
}

@article{vafa1998,
   title={On conformal field theories in four dimensions},
   volume={533},
   ISSN={0550-3213},
   DOI={10.1016/s0550-3213(98)00495-7},
   number={1-3},
   journal={Nuclear Physics B},
   publisher={Elsevier BV},
   author={Lawrence, Albion and Nekrasov, Nikita and Vafa, Cumrun},
   year={1998},
   month={Nov},
   pages={199-209} 
}


@article{2020,
   title={A string theory realization of special unitary quivers in 3 dimensions},
   volume={2020},
   ISSN={1029-8479},
   DOI={10.1007/jhep11(2020)157},
   number={11},
   journal={Journal of High Energy Physics},
   publisher={Springer Science and Business Media LLC},
   author={Collinucci, Andrés and Valandro, Roberto},
   year={2020},
   month={Nov}
}

@misc{lindström2012supersymmetric,
      title={Supersymmetric Sigma Model geometry}, 
      author={Ulf Lindström},
      year={2012},
      eprint={1207.1241},
      archivePrefix={arXiv},
      primaryClass={hep-th}
}

@article{Hitchin:1986ea,
    author = "Hitchin, Nigel J. and Karlhede, A. and Lindstrom, U. and Rocek, M.",
    title = "{Hyperkahler Metrics and Supersymmetry}",
    reportNumber = "STOCKHOLM-ITP-86-8",
    doi = "10.1007/BF01214418",
    journal = "Commun. Math. Phys.",
    volume = "108",
    pages = "535",
    year = "1987"
}

@article{10.2307/1194988,
    ISSN = {00029947},
    author = {Lei Ni and Yuguang Shi and Luen-Fai Tam},
    journal = {Transactions of the American Mathematical Society},
    number = {5},
    pages = {1933--1959},
    publisher = {American Mathematical Society},
    title = {Ricci Flatness of Asymptotically Locally Euclidean Metrics},
    volume = {355},
    year = {2003}
}

@misc{lindström2012supersymmetric,
      title={Supersymmetric Sigma Model geometry}, 
      author={Ulf Lindström},
      year={2012},
      eprint={1207.1241},
      archivePrefix={arXiv},
      primaryClass={hep-th}
}

@misc{bertolinisusy,
      title={Introduction to Supersymmetry}, 
      author={Bertolini, Matteo},
      year={2021},
      url={https://people.sissa.it/~bertmat/teaching.htm}
}

@article{1997,
   title={Type IIB superstrings, BPS monopoles, and three-dimensional gauge dynamics},
   volume={492},
   ISSN={0550-3213},
   DOI={10.1016/s0550-3213(97)80030-2},
   number={1–2},
   journal={Nuclear Physics B},
   publisher={Elsevier BV},
   author={Hanany, Amihay and Witten, Edward},
   year={1997},
   month={May},
   pages={152-190}
}

@phdthesis{Argurio:1998cp,
    author = "Argurio, Riccardo",
    title = "{Brane physics in M theory}",
    eprint = "hep-th/9807171",
    archivePrefix = "arXiv",
    reportNumber = "ULB-TH-98-15",
    school = "Brussels U.",
    year = "1998"
}

@misc{bertolinisusy,
      title={A Review of the $\mN=4$ Super Yang-Mills/Type IIB AdS/CFT Correspondence}, 
      author={Jones, Peter},
      year={2013},
      url={https://www.imperial.ac.uk/media/imperial-college/research-centres-and-groups/theoretical-physics/msc/dissertations/2013/Peter-Jones-Dissertation.pdf}
}

@misc{dhoker2002supersymmetric,
      title={Supersymmetric Gauge Theories and the AdS/CFT Correspondence}, 
      author={Eric D'Hoker and Daniel Z. Freedman},
      year={2002},
      eprint={hep-th/0201253},
      archivePrefix={arXiv},
      primaryClass={hep-th}
}

@article{Hanany_1999,
	doi = {10.1088/1126-6708/1999/02/013},
  
	url = {https://doi.org/10.1088%2F1126-6708%2F1999%2F02%2F013},
  
	year = 1999,
	month = {feb},
  
	publisher = {Springer Science and Business Media {LLC}},
  
	volume = {1999},
  
	number = {02},
  
	pages = {013--013},
  
	author = {Amihay Hanany and Yang-Hui He},
  
	title = {Non-abelian finite gauge theories},
  
	journal = {Journal of High Energy Physics}
}

@misc{masterHe,
  doi = {10.48550/ARXIV.HEP-TH/0209230},
  
  url = {https://arxiv.org/abs/hep-th/0209230},
  
  author = {He, Yang-Hui},
  
  keywords = {High Energy Physics - Theory (hep-th), Algebraic Geometry (math.AG), FOS: Physical sciences, FOS: Physical sciences, FOS: Mathematics, FOS: Mathematics},
  
  title = {On Algebraic Singularities, Finite Graphs and D-Brane Gauge Theories: A String Theoretic Perspective},
  
  publisher = {arXiv},
  
  year = {2002},
  
  copyright = {Assumed arXiv.org perpetual, non-exclusive license to distribute this article for submissions made before January 2004}
}

@misc{FA1,
  doi = {10.48550/ARXIV.HEP-TH/9403123},
  
  url = {https://arxiv.org/abs/hep-th/9403123},
  
  author = {Aspinwall, P.},
  
  keywords = {High Energy Physics - Theory (hep-th), FOS: Physical sciences, FOS: Physical sciences},
  
  title = {Resolution of Orbifold Singularities in String Theory},
  
  publisher = {arXiv},
  
  year = {1994},
  
  copyright = {Assumed arXiv.org perpetual, non-exclusive license to distribute this article for submissions made before January 2004}
}

@article{FA2,
	doi = {10.1016/s0550-3213(97)00517-8},
  
	url = {https://doi.org/10.1016%2Fs0550-3213%2897%2900517-8},
  
	year = 1997,
	month = {nov},
  
	publisher = {Elsevier {BV}
},
  
	volume = {506},
  
	number = {1-2},
  
	pages = {84--106},
  
	author = {Michael R. Douglas and Brian R. Greene and David R. Morrison},
  
	title = {Orbifold resolution by D-branes},
  
	journal = {Nuclear Physics B}
}

@article{FA3,
  doi = {10.48550/ARXIV.HEP-TH/9810201},
  
  url = {https://arxiv.org/abs/hep-th/9810201},
  
  author = {Morrison, David R. and Plesser, M. Ronen},
  
  keywords = {High Energy Physics - Theory (hep-th), FOS: Physical sciences, FOS: Physical sciences},
  
  title = {Non-Spherical Horizons, I},
  
  publisher = {arXiv},
  
  year = {1998},
  
  copyright = {Assumed arXiv.org perpetual, non-exclusive license to distribute this article for submissions made before January 2004}
}

@article{FA4,
	doi = {10.1016/s0550-3213(99)00646-x},
  
	url = {https://doi.org/10.1016%2Fs0550-3213%2899%2900646-x},
  
	year = 2000,
	month = {feb},
  
	publisher = {Elsevier {BV}
},
  
	volume = {566},
  
	number = {3},
  
	pages = {599--641},
  
	author = {Chris Beasley and Brian R. Greene and C.I. Lazaroiu and M.R. Plesser},
  
	title = {D3-branes on partial resolutions of abelian quotient singularities of Calabi{\textendash}Yau threefolds},
  
	journal = {Nuclear Physics B}
}

@misc{FA5,
  doi = {10.48550/ARXIV.HEP-TH/0006224},
  
  url = {https://arxiv.org/abs/hep-th/0006224},
  
  author = {Diaconescu, Duiliu-Emanuel and Douglas, Michael R.},
  
  keywords = {High Energy Physics - Theory (hep-th), FOS: Physical sciences, FOS: Physical sciences},
  
  title = {D-branes on Stringy Calabi-Yau Manifolds},
  
  publisher = {arXiv},
  
  year = {2000},
  
  copyright = {Assumed arXiv.org perpetual, non-exclusive license to distribute this article for submissions made before January 2004}
}

@article{FA6,
	doi = {10.1016/s0550-3213(00)00699-4},
  
	url = {https://doi.org/10.1016%2Fs0550-3213%2800%2900699-4},
  
	year = 2001,
	month = {feb},
  
	publisher = {Elsevier {BV}
},
  
	volume = {595},
  
	number = {1-2},
  
	pages = {165--200},
  
	author = {Bo Feng and Amihay Hanany and Yang-Hui He},
  
	title = {D-brane gauge theories from toric singularities and toric duality},
  
	journal = {Nuclear Physics B}
}

@article{FA7,
	doi = {10.1088/1126-6708/2001/08/040},
  
	url = {https://doi.org/10.1088%2F1126-6708%2F2001%2F08%2F040},
  
	year = 2001,
	month = {aug},
  
	publisher = {Springer Science and Business Media {LLC}
},
  
	volume = {2001},
  
	number = {08},
  
	pages = {040--040},
  
	author = {Bo Feng and Amihay Hanany and Yang-Hui He},
  
	title = {Phase structure of D-brane gauge theories and toric duality},
  
	journal = {Journal of High Energy Physics}
}

@article{FA8,
	doi = {10.1088/1126-6708/2002/12/076},
  
	url = {https://doi.org/10.1088%2F1126-6708%2F2002%2F12%2F076},
  
	year = 2002,
	month = {dec},
  
	publisher = {Springer Science and Business Media {LLC}
},
  
	volume = {2002},
  
	number = {12},
  
	pages = {076--076},
  
	author = {Bo Feng and Sebasti{\'{a}}n Franco and Amihay Hanany and Yang-Hui He},
  
	title = {Symmetries of Toric Duality},
  
	journal = {Journal of High Energy Physics}
}

@Book{fulton1993introduction,
 author = {Fulton, William},
 title = {Introduction to toric varieties},
 publisher = {Princeton University Press},
 year = {1993},
 address = {Princeton, N.J},
 isbn = {9780691000497}
 }

 @Book{oda1988convex,
 author = {Oda, Tadao},
 title = {Convex bodies and algebraic geometry : an introduction to the theory of toric varieties},
 publisher = {Springer},
 year = {1988},
 address = {Berlin},
 isbn = {978-3-642-72549-4}
 }

 @article{Argurio_20081,
	doi = {10.1088/1126-6708/2008/07/123},
  
	url = {https://doi.org/10.1088%2F1126-6708%2F2008%2F07%2F123},
  
	year = 2008,
	month = {jul},
  
	publisher = {Springer Science and Business Media {LLC}
},
  
	volume = {2008},
  
	number = {07},
  
	pages = {123--123},
  
	author = {Riccardo Argurio and Gabriele Ferretti and Christoffer Petersson},
  
	title = {Instantons and toric quiver gauge theories},
  
	journal = {Journal of High Energy Physics}
}

 @article{Argurio_20082,
	doi = {10.1103/physrevd.78.046008},
  
	url = {https://doi.org/10.1103%2Fphysrevd.78.046008},
  
	year = 2008,
	month = {aug},
  
	publisher = {American Physical Society ({APS})},
  
	volume = {78},
  
	number = {4},
  
	author = {Riccardo Argurio and Francesco Benini and Matteo Bertolini and Cyril Closset and Stefano Cremonesi},
  
	title = {Gauge/gravity duality and the interplay of various fractional branes},
  
	journal = {Physical Review D}
}

@Book{kirillov2016quiver,
      author = {Kirillov, Alexander},
      title = {Quiver representations and quiver varieties},
      publisher = {American Mathematical Society},
      year = {2016},
      address = {Providence, Rhode Island},
      isbn = {978-1-4704-2307-0}
}

@article{Kronheimer1990,
      author = {Kronheimer, Peter B., Nakajima, Hiraku},
      journal = {Mathematische Annalen},
      number = {2},
      pages = {263-308},
      title = {Yang-Mills instantons on ALE gravitational instantons.},
      volume = {288},
      year = {1990},
}

@misc{lecturenotessoibelman,
  doi = {10.48550/ARXIV.1909.03509},
  author = {Soibelman, Alexander},
  title = {Lecture Notes on Quiver Representations and Moduli Problems in Algebraic Geometry},
  publisher = {arXiv},
  year = {2019}
}

@phdthesis{Pasternak:2021iyv,
    author = "Pasternak, Antoine",
    title = "{Dimers, Orientifolds, and Dynamical Supersymmetry Breaking}",
    school = "U. Brussels, Brussels U.",
    year = "2021"
}

@misc{torigeomandCY,
  doi = {10.48550/ARXIV.0901.3695},
  author = {Closset, Cyril},
  title = {Toric geometry and local Calabi-Yau varieties: An introduction to toric geometry (for physicists)},
  publisher = {arXiv},
  year = {2009}
}

@article{DbranespartI,
  doi = {10.48550/ARXIV.HEP-TH/9912161},
  url = {https://arxiv.org/abs/hep-th/9912161},
  author = {Di Vecchia, Paolo and Liccardo, Antonella},
  keywords = {High Energy Physics - Theory (hep-th), FOS: Physical sciences, FOS: Physical sciences},
  title = {D branes in string theory,I},
  publisher = {arXiv},
  year = {1999},
  copyright = {Assumed arXiv.org perpetual, non-exclusive license to distribute this article for submissions made before January 2004}
}

@article{DbranespartII,
  doi = {10.48550/ARXIV.HEP-TH/9912275},
  url = {https://arxiv.org/abs/hep-th/9912275},
  author = {Di Vecchia, Paolo and Liccardo, Antonella},
  keywords = {High Energy Physics - Theory (hep-th), FOS: Physical sciences, FOS: Physical sciences},
  title = {D branes in string theory, II},
  publisher = {arXiv},
  year = {1999},
  copyright = {Assumed arXiv.org perpetual, non-exclusive license to distribute this article for submissions made before January 2004}
}

@book{cox2011toric,
  title={Toric Varieties},
  author={Cox, D.A. and Little, J.B. and Schenck, H.K.},
  isbn={9780821884263},
  series={Graduate studies in mathematics},
  url={https://books.google.be/books?id=eXLGwYD4pmAC},
  year={2011},
  publisher={American Mathematical Soc.}
}

@misc{brion,
  author = {Brion, Michel},
  title = {Representations of quiver}
}

@article{Feng_2001,
	doi = {10.1016/s0550-3213(00)00699-4},
	year = 2001,
	month = {feb},
	publisher = {Elsevier {BV}},
	volume = {595},
	number = {1-2},
	pages = {165--200},
	author = {Bo Feng and Amihay Hanany and Yang-Hui He},
	title = {D-brane gauge theories from toric singularities and toric duality},
	journal = {Nuclear Physics B}
}

@book{johnson_2002, 
  place={Cambridge}, 
  series={Cambridge Monographs on Mathematical Physics}, 
  title={D-Branes}, 
  DOI={10.1017/CBO9780511606540}, 
  publisher={Cambridge University Press}, 
  author={Johnson, Clifford V.}, 
  year={2002}
}

@article{Beisert_2011,
	doi = {10.1007/s11005-011-0529-2},
	year = 2011,
	month = {oct},
	publisher = {Springer Science and Business Media {LLC}
},
	volume = {99},
	number = {1-3},
	pages = {3--32},
	title = {Review of {AdS}/{CFT} Integrability: An Overview},
	journal = {Letters in Mathematical Physics}
}

@misc{albertssonthesis,
  doi = {10.48550/ARXIV.HEP-TH/0305188},
  author = {Albertsson, Cecilia},
  title = {Superconformal D-branes and moduli spaces},
  publisher = {arXiv},
  year = {2003}
}

@misc{https://doi.org/10.48550/arxiv.hep-th/9611137,
  doi = {10.48550/ARXIV.HEP-TH/9611137},
  
  url = {https://arxiv.org/abs/hep-th/9611137},
  
  author = {Aspinwall, Paul S.},
  
  keywords = {High Energy Physics - Theory (hep-th), FOS: Physical sciences, FOS: Physical sciences},
  
  title = {K3 Surfaces and String Duality},
  
  publisher = {arXiv},
  
  year = {1996}
}

@article{Hanany_1999,
	doi = {10.1088/1126-6708/1999/02/013},
  
	url = {https://doi.org/10.1088%2F1126-6708%2F1999%2F02%2F013},
  
	year = 1999,
	month = {feb},
  
	publisher = {Springer Science and Business Media {LLC}
},
  
	volume = {1999},
  
	number = {02},
  
	pages = {013--013},
  
	author = {Amihay Hanany and Yang-Hui He},
  
	title = {Non-abelian finite gauge theories},
  
	journal = {Journal of High Energy Physics}
}

@article{He:2018gvd,
    author = "He, Yang-Hui",
    title = "{Quiver Gauge Theories: Finitude and Trichotomoty}",
    doi = "10.3390/math6120291",
    journal = "Mathematics",
    volume = "6",
    number = "12",
    pages = "291",
    year = "2018"
}

@article{Bao_2022,
	doi = {10.22199/issn.0717-6279-5274},
  
	url = {https://doi.org/10.22199%2Fissn.0717-6279-5274},
  
	year = 2022,
	month = {apr},
  
	publisher = {Universidad Catolica del Norte - Chile},
  
	volume = {41},
  
	number = {2},
  
	pages = {355--386},
  
	author = {Jiakang Bao and Amihay Hanany and Yang-Hui He and Edward Hirst},
  
	title = {Some open questions in quiver gauge theory},
  
	journal = {Proyecciones (Antofagasta)}
}

@misc{notesDbranes,
  doi = {10.48550/ARXIV.HEP-TH/9602052},
  
  url = {https://arxiv.org/abs/hep-th/9602052},
  
  author = {Polchinski, Joseph and Chaudhuri, Shyamoli and Johnson, Clifford V.},
  
  keywords = {High Energy Physics - Theory (hep-th), FOS: Physical sciences, FOS: Physical sciences},
  
  title = {Notes on D-Branes},
  
  publisher = {arXiv},
  
  year = {1996},
  
  copyright = {Assumed arXiv.org perpetual, non-exclusive license to distribute this article for submissions made before January 2004}
}

@article{Hanany:1999sp,
    author = "Hanany, Amihay and He, Yang-Hui",
    title = "{A Monograph on the classification of the discrete subgroups of SU(4)}",
    eprint = "hep-th/9905212",
    archivePrefix = "arXiv",
    reportNumber = "MIT-CTP-2871",
    doi = "10.1088/1126-6708/2001/02/027",
    journal = "JHEP",
    volume = "02",
    pages = "027",
    year = "2001"
}

@article{Elitzur_1997,
	doi = {10.1016/s0550-3213(97)00446-x},
  
	url = {https://doi.org/10.1016%2Fs0550-3213%2897%2900446-x},
  
	year = 1997,
	month = {nov},
  
	publisher = {Elsevier {BV}
},
  
	volume = {505},
  
	number = {1-2},
  
	pages = {202--250},
  
	author = {S. Elitzur and A. Giveon and D. Kutasov and E. Rabinovici and A. Schwimmer},
  
	title = {Brane dynamics and N = 1 supersymmetric gauge theory},
  
	journal = {Nuclear Physics B}
}

@article{https://doi.org/10.48550/arxiv.hep-th/9706110,
  doi = {10.48550/ARXIV.HEP-TH/9706110},
  
  url = {https://arxiv.org/abs/hep-th/9706110},
  
  author = {Katz, S. and Mayr, P. and Vafa, C.},
  
  keywords = {High Energy Physics - Theory (hep-th), Algebraic Geometry (math.AG), FOS: Physical sciences, FOS: Physical sciences, FOS: Mathematics, FOS: Mathematics},
  
  title = {Mirror symmetry and Exact Solution of 4D N=2 Gauge Theories I},
  
  publisher = {arXiv},
  
  year = {1997},
  
  copyright = {Assumed arXiv.org perpetual, non-exclusive license to distribute this article for submissions made before January 2004}
}

@article{Katz:1996xe,
    author = "Katz, Sheldon H. and Vafa, Cumrun",
    title = "{Matter from geometry}",
    eprint = "hep-th/9606086",
    archivePrefix = "arXiv",
    reportNumber = "OSU-M-96-10, HUTP-96-A021A",
    doi = "10.1016/S0550-3213(97)00280-0",
    journal = "Nucl. Phys. B",
    volume = "497",
    pages = "146--154",
    year = "1997"
}

@article{Katz:1996fh,
    author = "Katz, Sheldon H. and Klemm, Albrecht and Vafa, Cumrun",
    title = "{Geometric engineering of quantum field theories}",
    eprint = "hep-th/9609239",
    archivePrefix = "arXiv",
    reportNumber = "EFI-96-37, HUTP-96-A046, OSU-M-96-24",
    doi = "10.1016/S0550-3213(97)00282-4",
    journal = "Nucl. Phys. B",
    volume = "497",
    pages = "173--195",
    year = "1997"
}

@misc{https://doi.org/10.48550/arxiv.hep-th/9601007,
  doi = {10.48550/ARXIV.HEP-TH/9601007},
  
  url = {https://arxiv.org/abs/hep-th/9601007},
  
  author = {Bilal, Adel},
  
  keywords = {High Energy Physics - Theory (hep-th), FOS: Physical sciences, FOS: Physical sciences},
  
  title = {Duality in N=2 SUSY SU(2) Yang-Mills Theory: A pedagogical introduction to the work of Seiberg and Witten},
  
  publisher = {arXiv},
  
  year = {1996},
  
  copyright = {Assumed arXiv.org perpetual, non-exclusive license to distribute this article for submissions made before January 2004}
}